<record><leader>00000cas a2200000Ma 4500</leader><controlfield tag="001">228693716</controlfield><controlfield tag="008">760907d18291912nyuwr ne      0    0eng  </controlfield><datafield ind1=" " ind2=" " tag="010"><subfield code="a">sn 87099999 </subfield></datafield><datafield ind1=" " ind2=" " tag="040"><subfield code="a">DLC</subfield><subfield code="b">eng</subfield><subfield code="c">HUV</subfield><subfield code="d">OCLCF</subfield><subfield code="d">OCLCO</subfield></datafield><datafield ind1=" " ind2=" " tag="043"><subfield code="a">n-us-ny</subfield></datafield><datafield ind1="0" ind2="0" tag="245"><subfield code="a">New-York observer, yearbook and almanack.</subfield></datafield><datafield ind1="3" ind2=" " tag="246"><subfield code="a">New York observer</subfield></datafield><datafield ind1="1" ind2="3" tag="246"><subfield code="a">Observer</subfield></datafield><datafield ind1=" " ind2=" " tag="260"><subfield code="a">[New-York] :</subfield><subfield code="b">S.E. Morse, Jr. Co.,</subfield><subfield code="c">1829-1912.</subfield></datafield><datafield ind1=" " ind2=" " tag="300"><subfield code="a">84 v. :</subfield><subfield code="b">ill. ;</subfield><subfield code="c">23 cm.</subfield></datafield><datafield ind1=" " ind2=" " tag="310"><subfield code="a">Weekly</subfield></datafield><datafield ind1="0" ind2=" " tag="362"><subfield code="a">Vol. 7, no. 1 (Jan. 3, 1829)-v. 90, no. 22 (May 30, 1912) = whole no. 295-whole no. 4647.</subfield></datafield><datafield ind1=" " ind2=" " tag="515"><subfield code="a">From 1851-Dec. 6, 1888, issued in 2 parts called: Religious department, and: Secular department, using the same numbering scheme.</subfield></datafield><datafield ind1=" " ind2="0" tag="650"><subfield code="a">Presbyterian Church</subfield><subfield code="v">Newspapers.</subfield></datafield><datafield ind1=" " ind2="0" tag="651"><subfield code="a">New York (N.Y.)</subfield><subfield code="v">Newspapers.</subfield></datafield><datafield ind1=" " ind2="0" tag="651"><subfield code="a">New York County (N.Y.)</subfield><subfield code="v">Newspapers.</subfield></datafield><datafield ind1=" " ind2="7" tag="655"><subfield code="a">Newspapers.</subfield><subfield code="2">fast</subfield><subfield code="0">(OCoLC)fst01423814</subfield></datafield><datafield ind1=" " ind2="7" tag="650"><subfield code="a">Presbyterian Church.</subfield><subfield code="2">fast</subfield><subfield code="0">(OCoLC)fst01075515</subfield></datafield><datafield ind1=" " ind2="7" tag="651"><subfield code="a">New York (State)</subfield><subfield code="z">New York.</subfield><subfield code="2">fast</subfield><subfield code="0">(OCoLC)fst01204333</subfield></datafield><datafield ind1=" " ind2="7" tag="651"><subfield code="a">New York (State)</subfield><subfield code="z">New York County.</subfield><subfield code="2">fast</subfield><subfield code="0">(OCoLC)fst01234953</subfield></datafield><datafield ind1="0" ind2=" " tag="730"><subfield code="a">New-York observer (New York, N.Y. : 1829)</subfield></datafield><datafield ind1="0" ind2="0" tag="780"><subfield code="t">New-York observer, and religious chronicle</subfield><subfield code="w">(DLC)sn 93063554</subfield><subfield code="w">(OCoLC)27482440</subfield></datafield><datafield ind1="0" ind2="4" tag="785"><subfield code="t">Christian work and the evangelist</subfield><subfield code="w">(DLC)sn 96016109</subfield><subfield code="w">(OCoLC)7561772</subfield></datafield></record>